<record><leader>00000cas a2200000 a 4500</leader><controlfield tag="001">13853906</controlfield><controlfield tag="008">860711d18951903nyucr ne      0    0eng  </controlfield><datafield ind1=" " ind2=" " tag="010"><subfield code="a">sn 86071702 </subfield></datafield><datafield ind1=" " ind2=" " tag="040"><subfield code="a">DLC</subfield><subfield code="b">eng</subfield><subfield code="c">DLC</subfield><subfield code="d">NYS</subfield><subfield code="d">DLC</subfield><subfield code="d">OCLCQ</subfield><subfield code="d">DLC</subfield><subfield code="d">OCLCO</subfield><subfield code="d">OCLCQ</subfield><subfield code="d">OCLCF</subfield></datafield><datafield ind1="1" ind2=" " tag="029"><subfield code="a">AU@</subfield><subfield code="b">000022928091</subfield></datafield><datafield ind1=" " ind2=" " tag="042"><subfield code="a">pcc</subfield></datafield><datafield ind1=" " ind2=" " tag="043"><subfield code="a">n-us-ny</subfield></datafield><datafield ind1="0" ind2="0" tag="050"><subfield code="a">Newspaper</subfield></datafield><datafield ind1="0" ind2="4" tag="245"><subfield code="a">The Troy semi-weekly times.</subfield></datafield><datafield ind1="3" ind2="0" tag="246"><subfield code="a">Troy semiweekly times</subfield></datafield><datafield ind1="1" ind2="7" tag="246"><subfield code="a">Semi-weekly times</subfield></datafield><datafield ind1=" " ind2=" " tag="260"><subfield code="a">Troy, N.Y. :</subfield><subfield code="b">C.S. Francis,</subfield><subfield code="c">-1903.</subfield></datafield><datafield ind1=" " ind2=" " tag="300"><subfield code="a">v. ;</subfield><subfield code="c">72 cm.</subfield></datafield><datafield ind1=" " ind2=" " tag="310"><subfield code="a">Semiweekly</subfield></datafield><datafield ind1="0" ind2=" " tag="362"><subfield code="a">Vol. 40, no. 18 (Dec. 3, 1895)-v. 47, no. 49 (Jan. 20, 1903).</subfield></datafield><datafield ind1=" " ind2=" " tag="500"><subfield code="a">"Republican."</subfield></datafield><datafield ind1=" " ind2=" " tag="530"><subfield code="a">Also issued on microfilm from the Library of Congress, Photoduplication Service.</subfield></datafield><datafield ind1=" " ind2=" " tag="580"><subfield code="a">Also published in a daily ed. with title: Troy daily times.</subfield></datafield><datafield ind1=" " ind2="0" tag="651"><subfield code="a">Troy (N.Y.)</subfield><subfield code="v">Newspapers.</subfield></datafield><datafield ind1=" " ind2="7" tag="655"><subfield code="a">Newspapers.</subfield><subfield code="2">fast</subfield><subfield code="0">(OCoLC)fst01423814</subfield></datafield><datafield ind1=" " ind2="7" tag="651"><subfield code="a">New York (State)</subfield><subfield code="z">Troy.</subfield><subfield code="2">fast</subfield><subfield code="0">(OCoLC)fst01202806</subfield></datafield><datafield ind1=" " ind2=" " tag="752"><subfield code="a">United States</subfield><subfield code="b">New York</subfield><subfield code="c">Rensselaer</subfield><subfield code="d">Troy.</subfield></datafield><datafield ind1="1" ind2=" " tag="775"><subfield code="t">Troy daily times</subfield><subfield code="w">(DLC)sn 83031800</subfield></datafield><datafield ind1="0" ind2="0" tag="780"><subfield code="t">Troy weekly times</subfield><subfield code="w">(DLC)sn 83031799</subfield></datafield><datafield ind1="0" ind2="0" tag="785"><subfield code="t">Troy times (Troy, N.Y. : Semiweekly)</subfield><subfield code="w">(DLC)sn 86071703</subfield></datafield></record>